<record><leader>00000cas a2200000 a 4500</leader><controlfield tag="001">1566275</controlfield><controlfield tag="008">750824c19169999iaudr ne      0    0eng c</controlfield><datafield ind1=" " ind2=" " tag="010"><subfield code="a">sn 82015551 </subfield></datafield><datafield ind1=" " ind2=" " tag="040"><subfield code="a">MUL</subfield><subfield code="b">eng</subfield><subfield code="c">MUL</subfield><subfield code="d">DLC</subfield><subfield code="d">NPW</subfield><subfield code="d">OCL</subfield><subfield code="d">INP</subfield><subfield code="d">DLC</subfield><subfield code="d">INP</subfield><subfield code="d">YOX</subfield><subfield code="d">NST</subfield><subfield code="d">DLC</subfield><subfield code="d">OCL</subfield><subfield code="d">CRL</subfield><subfield code="d">NVF</subfield><subfield code="d">OBN</subfield><subfield code="d">DLC</subfield><subfield code="d">NVF</subfield><subfield code="d">DLC</subfield><subfield code="d">KRTAS</subfield><subfield code="d">UKMGB</subfield><subfield code="d">OCLCQ</subfield><subfield code="d">CRL</subfield><subfield code="d">OCLCQ</subfield><subfield code="d">OCLCF</subfield><subfield code="d">IOV</subfield><subfield code="d">IOU</subfield></datafield><datafield ind1="7" ind2=" " tag="016"><subfield code="a">013889781</subfield><subfield code="2">Uk</subfield></datafield><datafield ind1=" " ind2=" " tag="019"><subfield code="a">9170837</subfield><subfield code="a">17003409</subfield></datafield><datafield ind1="1" ind2=" " tag="029"><subfield code="a">AU@</subfield><subfield code="b">000020276933</subfield></datafield><datafield ind1=" " ind2=" " tag="032"><subfield code="a">154760</subfield><subfield code="b">USPS</subfield></datafield><datafield ind1=" " ind2=" " tag="037"><subfield code="b">715 Locust Street, Des Moines, IA 50309</subfield></datafield><datafield ind1=" " ind2=" " tag="042"><subfield code="a">pcc</subfield></datafield><datafield ind1=" " ind2=" " tag="043"><subfield code="a">n-us-ia</subfield></datafield><datafield ind1="0" ind2="0" tag="050"><subfield code="a">Newspaper</subfield></datafield><datafield ind1="0" ind2="4" tag="082"><subfield code="a">071</subfield></datafield><datafield ind1="0" ind2="4" tag="245"><subfield code="a">The Des Moines register.</subfield></datafield><datafield ind1="1" ind2=" " tag="246"><subfield code="i">Published Sundays as:</subfield><subfield code="a">Des Moines Sunday register</subfield></datafield><datafield ind1=" " ind2=" " tag="260"><subfield code="a">Des Moines, Iowa :</subfield><subfield code="b">Register and Tribune Co.,</subfield><subfield code="c">1916-</subfield></datafield><datafield ind1=" " ind2=" " tag="300"><subfield code="a">v.</subfield></datafield><datafield ind1=" " ind2=" " tag="310"><subfield code="a">Daily</subfield></datafield><datafield ind1="0" ind2=" " tag="362"><subfield code="a">Vol. 68, no. 93 (Oct. 1, 1916)-</subfield></datafield><datafield ind1=" " ind2=" " tag="530"><subfield code="a">Available via the World Wide Web.</subfield></datafield><datafield ind1=" " ind2=" " tag="530"><subfield code="a">Also issued on microfilm from the Library of Congress, Photoduplication Service.</subfield></datafield><datafield ind1=" " ind2=" " tag="580"><subfield code="a">Monthly ed.: Des Moines register, Des Moines tribune, &lt;1944-1945&gt;.</subfield></datafield><datafield ind1=" " ind2=" " tag="588"><subfield code="a">Latest issue consulted: Vol. 159, no. 267 (Apr. 30, 2008).</subfield></datafield><datafield ind1=" " ind2="0" tag="651"><subfield code="a">Des Moines (Iowa)</subfield><subfield code="v">Newspapers.</subfield></datafield><datafield ind1=" " ind2="0" tag="651"><subfield code="a">Polk County (Iowa)</subfield><subfield code="v">Newspapers.</subfield></datafield><datafield ind1=" " ind2="7" tag="651"><subfield code="a">Iowa</subfield><subfield code="z">Des Moines.</subfield><subfield code="2">fast</subfield><subfield code="0">(OCoLC)fst01205836</subfield></datafield><datafield ind1=" " ind2="7" tag="651"><subfield code="a">Iowa</subfield><subfield code="z">Polk County.</subfield><subfield code="2">fast</subfield><subfield code="0">(OCoLC)fst01216376</subfield></datafield><datafield ind1=" " ind2="4" tag="651"><subfield code="a">Des Moines (Iowa)</subfield><subfield code="x">Newspapers.</subfield></datafield><datafield ind1=" " ind2="7" tag="655"><subfield code="a">Newspapers.</subfield><subfield code="2">fast</subfield><subfield code="0">(OCoLC)fst01423814</subfield></datafield><datafield ind1=" " ind2=" " tag="752"><subfield code="a">United States</subfield><subfield code="b">Iowa</subfield><subfield code="c">Polk</subfield><subfield code="d">Des Moines.</subfield></datafield><datafield ind1="1" ind2=" " tag="775"><subfield code="t">Des Moines register, Des Moines tribune</subfield><subfield code="w">(DLC)sn 87057022</subfield><subfield code="w">(OCoLC)16099768</subfield></datafield><datafield ind1="0" ind2="0" tag="780"><subfield code="t">Des Moines register and leader</subfield><subfield code="w">(DLC)sn 84037013</subfield><subfield code="w">(OCoLC)11130277</subfield></datafield><datafield ind1="0" ind2="5" tag="780"><subfield code="t">Des Moines tribune</subfield><subfield code="w">(DLC)sn 82014083</subfield><subfield code="w">(OCoLC)8766491</subfield></datafield><datafield ind1="4" ind2="1" tag="856"><subfield code="u">http://www.desmoinesregister.com</subfield></datafield><datafield ind1=" " ind2=" " tag="938"><subfield code="a">Kirtas Technologies, Inc.</subfield><subfield code="b">KRTS</subfield><subfield code="n">733217</subfield></datafield></record>